<collection xmlns="http://www.loc.gov/MARC21/slim">
<record>
  <leader>01305nam0a2200253 i 450 </leader>
  <controlfield tag="001">IT\ICCU\CNCE\001367</controlfield>
  <controlfield tag="005">20070412000000.0</controlfield>
  <datafield tag="012" ind1=" " ind2=" ">
    <subfield code="a">e.u- utde uouo NoNu (3) 1598 (A)</subfield>
    <subfield code="2">fei</subfield>
  </datafield>
  <datafield tag="100" ind1=" " ind2=" ">
    <subfield code="a">19970101d1598        0itac0103    ba</subfield>
  </datafield>
  <datafield tag="101" ind1=" " ind2=" ">
    <subfield code="a">LAT</subfield>
  </datafield>
  <datafield tag="102" ind1=" " ind2=" ">
    <subfield code="a">IT</subfield>
  </datafield>
  <datafield tag="200" ind1="1" ind2=" ">
    <subfield code="a">℗Emmanuelis Aluari e Societate Iesu ℗De institutione grammatica libri tres, quorum secundus ad veterum fer ̈grammaticorum rationem est reuocatus. Adiecto orthographiae Aldinae compendio et nunc primum indice votum omnium notabilium, omniaque summo studio expurgata, &amp; excusa</subfield>
  </datafield>
  <datafield tag="210" ind1=" " ind2=" ">
    <subfield code="a">Venetijs</subfield>
    <subfield code="c">apud Mattheum Valentinum</subfield>
    <subfield code="d">1598</subfield>
    <subfield code="h">1597</subfield>
  </datafield>
  <datafield tag="215" ind1=" " ind2=" ">
    <subfield code="a">186, \4! c., 27 p.</subfield>
    <subfield code="d">8ʻ</subfield>
  </datafield>
  <datafield tag="620" ind1=" " ind2=" ">
    <subfield code="a">IT</subfield>
    <subfield code="d">Venezia</subfield>
  </datafield>
  <datafield tag="700" ind1=" " ind2="1">
    <subfield code="a">Alvares,</subfield>
    <subfield code="b">Manuel</subfield>
    <subfield code="3">IT\ICCU\CNCA\000637</subfield>
  </datafield>
  <datafield tag="702" ind1=" " ind2="1">
    <subfield code="a">Manuzio,</subfield>
    <subfield code="b">Aldo</subfield>
    <subfield code="c"> &lt;il giovane&gt;</subfield>
    <subfield code="3">IT\ICCU\CNCA\000150</subfield>
  </datafield>
  <datafield tag="712" ind1="0" ind2="0">
    <subfield code="a">Valentini, Matteo</subfield>
    <subfield code="3">IT\ICCU\CNCT\000540</subfield>
    <subfield code="4">650</subfield>
  </datafield>
  <datafield tag="790" ind1=" " ind2="1">
    <subfield code="a">Manucci,</subfield>
    <subfield code="b">Aldo</subfield>
    <subfield code="3">IT\ICCU\CNCA\016427</subfield>
    <subfield code="z">Manuzio, Aldo &lt;il giovane&gt;</subfield>
  </datafield>
  <datafield tag="790" ind1=" " ind2="1">
    <subfield code="a">Manutius,</subfield>
    <subfield code="b">Aldus</subfield>
    <subfield code="c"> &lt;il giovane&gt;</subfield>
    <subfield code="3">IT\ICCU\CNCA\020915</subfield>
    <subfield code="z">Manuzio, Aldo &lt;il giovane&gt;</subfield>
  </datafield>
  <datafield tag="791" ind1="0" ind2="0">
    <subfield code="a">Valentinus, Matthias</subfield>
    <subfield code="3">IT\ICCU\CNCT\005725</subfield>
    <subfield code="z">Valentini, Matteo</subfield>
  </datafield>
  <datafield tag="791" ind1="0" ind2="0">
    <subfield code="a">Valentino, Mattio</subfield>
    <subfield code="3">IT\ICCU\CNCT\005726</subfield>
    <subfield code="z">Valentini, Matteo</subfield>
  </datafield>
  <datafield tag="801" ind1=" " ind2="3">
    <subfield code="a">IT</subfield>
    <subfield code="b">ICCU</subfield>
    <subfield code="c">20201113</subfield>
  </datafield>
  <datafield tag="899" ind1=" " ind2=" ">
    <subfield code="a">Biblioteca della Fondazione Ettore Pomarici Santomasi. Gravina di Puglia</subfield>
    <subfield code="1">BA0143</subfield>
    <subfield code="2">BA1 25</subfield>
  </datafield>
</record>
</collection>
